
@book{keeling2011modeling,
  title={Modeling infectious diseases in humans and animals},
  author={Keeling, Matt J and Rohani, Pejman},
  year={2011},
  publisher={Princeton University Press}
}

@book{ross1911prevention,
  title={The prevention of malaria},
  author={Ross, Ronald},
  year={1911},
  publisher={John Murray}
}

@article{van2002reproduction,
  title={Reproduction numbers and sub-threshold endemic equilibria for compartmental models of disease transmission},
  author={Van den Driessche, Pauline and Watmough, James},
  journal={Mathematical biosciences},
  volume={180},
  number={1-2},
  pages={29--48},
  year={2002},
  publisher={Elsevier}
}

@article{ma2020estimating,
  title={Estimating epidemic exponential growth rate and basic reproduction number},
  author={Ma, Junling},
  journal={Infectious Disease Modelling},
  volume={5},
  pages={129--141},
  year={2020},
  publisher={Elsevier}
}

@article{rice2020effect,
  title={Effect of school closures on mortality from coronavirus disease 2019: old and new predictions},
  author={Rice, Ken and Wynne, Ben and Martin, Victoria and Ackland, Graeme J},
  journal={BMJ},
  volume={371},
  year={2020},
  publisher={British Medical Journal Publishing Group}
}

@article{de2020influenza,
  title={Influenza may facilitate the spread of {SARS-CoV-2}},
  author={de Celles, Matthieu Domenech and Casalegno, Jean-Sebastien and Lina, Bruno and Opatowski, Lulla},
  journal={medRxiv},
  year={2020},
  publisher={Cold Spring Harbor Laboratory Press}
}

@article{ruszkiewicz2020diagnosis,
  title={Diagnosis of {COVID-19} by analysis of breath with gas chromatography-ion mobility spectrometry: a feasibility study},
  author={Ruszkiewicz, Dorota M and Sanders, Daniel and O'Brien, Rachel and Hempel, Frederik and Reed, Matthew J and Riepe, Ansgar C and Bailie, Kenneth and Brodrick, Emma and Darnley, Kareen and Ellerkmann, Richard and others},
  journal={EClinicalMedicine},
  pages={100609},
  year={2020},
  publisher={Elsevier}
}

@article{tuite2020mathematical,
  title={Mathematical modelling of {COVID-19} transmission and mitigation strategies in the population of {Ontario}, {Canada}},
  author={Tuite, Ashleigh R and Fisman, David N and Greer, Amy L},
  journal={CMAJ},
  volume={192},
  number={19},
  pages={E497--E505},
  year={2020},
  publisher={Can Med Assoc}
}

@article{elbanna2020entry,
  title={Entry screening and multi-layer mitigation of {COVID-19} cases for a safe university reopening},
  author={Elbanna, Ahmed and Wong, George N and Weiner, Zach J and Wang, Tong and Zhang, Hantao and Liu, Zhiru and Tkachenko, Alexei V and Maslov, Sergei and Goldenfeld, Nigel},
  journal={medRxiv},
  year={2020},
  publisher={Cold Spring Harbor Laboratory Press}
}

@article{jenness2020modeling,
  title={Modeling Dynamic Network Strategies for {SARS-CoV-2} Control on a Cruise Ship},
  author={Jenness, Samuel M and Willebrand, Kathryn S and Malik, Amyn A and Lopman, Benjamin A and Omer, Saad B},
  journal={medRxiv},
  year={2020},
  publisher={Cold Spring Harbor Laboratory Preprints}
}
@article{lopman2020model,
  title={A model of {COVID-19} transmission and control on university campuses},
  author={Lopman, Benjamin and Liu, Carol and Le Guillou, Adrien and Handel, Andreas and Lash, Timothy L and Isakov, Alexander and Jenness, Samuel},
  journal={medRxiv},
  year={2020},
  publisher={Cold Spring Harbor Laboratory Press}
}
@article{endo2020implication,
  title={Implication of backward contact tracing in the presence of overdispersed transmission in {COVID-19} outbreaks},
  author={Endo, Akira and Leclerc, Quentin J and Knight, Gwenan M and Medley, Graham F and Atkins, Katherine E and Funk, Sebastian and Kucharski, Adam J and others},
  journal={Wellcome Open Research},
  volume={5},
  number={239},
  pages={239},
  year={2020},
  publisher={F1000 Research Limited}
}
@article{arino2020simple,
  title={A simple model for {COVID-19}},
  author={Arino, Julien and Portet, St{\'e}phanie},
  journal={Infectious Disease Modelling},
  year={2020},
  publisher={Elsevier}
}
@article{hou2020sars,
  title={{SARS-CoV-2} D614G Variant Exhibits Enhanced Replication ex vivo and Earlier Transmission in vivo},
  author={Hou, Yixuan J and Chiba, Shiho and Halfmann, Peter and Ehre, Camille and Kuroda, Makoto and Dinnon, Kenneth H and Leist, Sarah R and Sch{\"a}fer, Alexandra and Nakajima, Noriko and Takahashi, Kenta and others},
  journal={bioRxiv},
  year={2020},
  publisher={Cold Spring Harbor Laboratory}
}

@article{larremore2020test,
  title={Test sensitivity is secondary to frequency and turnaround time for {COVID-19} surveillance},
  author={Larremore, Daniel B and Wilder, Bryan and Lester, Evan and Shehata, Soraya and Burke, James M and Hay, James A and Tambe, Milind and Mina, Michael J and Parker, Roy},
  journal={MedRxiv},
  year={2020},
  publisher={Cold Spring Harbor Laboratory Press}
}
@techreport{anderson2020reproduction,
  title={Reproduction number (R) and growth rate (r) of the {COVID-19} epidemic in the UK: methods of estimation, data sources, causes of heterogeneity, and use as a guide in policy formulation},
  author={Anderson, Roy and Donnelly, Christl and Hollingsworth, Deirdre and Keeling, Matt and Vegvari, Carolin and Baggaley, Rebecca and Maddren, Rosie},
  journal={The Royal Society},
  year={2020},
  publisher={The Royal Society}
}
@article{bergstrom2020frequency,
  title={Frequency and accuracy of proactive testing for {COVID-19}},
  author={Bergstrom, Ted and Bergstrom, Carl T and Li, Haoran},
  journal={medRxiv},
  year={2020},
  publisher={Cold Spring Harbor Laboratory Press}
}
@article{carlson2020misconceptions,
  title={Misconceptions about weather and seasonality must not misguide {COVID-19} response},
  author={Carlson, Colin J and Gomez, Ana CR and Bansal, Shweta and Ryan, Sadie J},
  journal={Nature Communications},
  volume={11},
  number={1},
  pages={1--4},
  year={2020},
  publisher={Nature Publishing Group}
}

@article{steele2020characterizing,
  title={Characterizing Norovirus Transmission from Outbreak Data, United States},
  author={Steele, Molly K and Wikswo, Mary E and Hall, Aron J and Koelle, Katia and Handel, Andreas and Levy, Karen and Waller, Lance A and Lopman, Ben A},
  journal={Emerging infectious diseases},
  volume={26},
  number={8},
  pages={1818},
  year={2020},
  publisher={Centers for Disease Control and Prevention}
}
@inproceedings{shen2020cluster,
  title={A Cluster of Novel Coronavirus Disease 2019 Infections Indicating Person-to-Person Transmission Among Casual Contacts From Social Gatherings: An Outbreak Case-Contact Investigation},
  author={Shen, Ye and Xu, Wenjie and Li, Changwei and Handel, Andreas and Martinez, Leonardo and Ling, Feng and Ebell, Mark and Fu, Xiaofei and Pan, Jinren and Ren, Jiangping and others},
  booktitle={Open Forum Infectious Diseases},
  volume={7},
  number={6},
  pages={ofaa231},
  year={2020},
  organization={Oxford University Press US}
}

@article{gandhi2020masks,
  title={Masks Do More Than Protect Others During {COVID-19}: Reducing the Inoculum of {SARS-CoV-2} to Protect the Wearer},
  author={Gandhi, Monica and Beyrer, Chris and Goosby, Eric},
  journal={Journal of general internal medicine},
  pages={1--4},
  year={2020},
  publisher={Springer}
}

@article{kwuimy2020nonlinear,
  title={Nonlinear dynamic analysis of an epidemiological model for {COVID-19} including public behavior and government action},
  author={Kwuimy, CAK and Nazari, Foad and Jiao, Xun and Rohani, Pejman and Nataraj, C},
  journal={Nonlinear Dynamics},
  pages={1--15},
  year={2020},
  publisher={Springer}
}

@inproceedings{byrne1991survey,
author = {Byrne, C J and Forrester, J R S and Hayes, D},
booktitle = {Report of the Twelfth Northeast Regional Stock Assessment Workshop (12th SAW), Spring 1991},
pages = {NEFSC Reference Document: 91--03, 192P},
title = {{Survey vessels and gear modifications and their possible effects on assessment analysis}},
year = {1991}
}
@article{glaser2014nonlinear,
author = {Glaser, Sarah M and Ye, Hao and Sugihara, George},
journal = {Fisheries Oceanography},
number = {1},
pages = {45--53},
publisher = {Wiley Online Library},
title = {{A nonlinear, low data requirement model for producing spatially explicit fishery forecasts}},
volume = {23},
year = {2014}
}
@article{hurrell2003overview,
author = {Hurrell, James W and Kushnir, Yochanan and Ottersen, Geir and Visbeck, Martin},
journal = {The North Atlantic Oscillation: climatic significance and environmental impact},
keywords = {dfo},
mendeley-tags = {dfo},
pages = {1--35},
publisher = {Wiley Online Library},
title = {{An overview of the North Atlantic oscillation}},
volume = {134},
year = {2003}
}
@article{friedland2018event,
author = {Friedland, Kevin D and McManus, M Conor and Morse, Ryan E and Link, Jason S},
doi = {10.1093/icesjms/fsy167},
journal = {ICES Journal of Marine Science},
keywords = {dfo},
mendeley-tags = {dfo},
number = {fsy167},
title = {{Event scale and persistent drivers of fish and macroinvertebrate distributions on the Northeast US Shelf}},
year = {2018}
}
@book{charnov1993life,
author = {Charnov, Eric L},
keywords = {dfo},
mendeley-tags = {dfo},
publisher = {Oxford University Press, USA},
title = {{Life history invariants: some explorations of symmetry in evolutionary ecology}},
year = {1993}
}
@article{van1978seesaw,
author = {{Van Loon}, Harry and Rogers, Jeffery C},
journal = {Monthly Weather Review},
keywords = {dfo},
mendeley-tags = {dfo},
number = {3},
pages = {296--310},
title = {{The seesaw in winter temperatures between Greenland and northern Europe. Part I: General description}},
volume = {106},
year = {1978}
}
@incollection{zuur2009glm,
author = {Zuur, Alain F and Ieno, Elena N and Walker, Neil J and Saveliev, Anatoly A and Smith, Graham M},
booktitle = {Mixed effects models and extensions in ecology with R},
pages = {209--243},
publisher = {Springer},
title = {{GLM and GAM for count data}},
year = {2009}
}
@book{zuur2009mixed,
address = {New York, NY, USA},
author = {Zuur, Alain F and Ieno, E N and Walker, N J and Saveliev, A A and Smith, G M},
keywords = {dfo},
mendeley-tags = {dfo},
publisher = {Spring Science and Business Media},
title = {{Mixed effects models and extensions in ecology with R}},
year = {2009}
}
@article{antunez2017generalized,
author = {Ant{\'{u}}nez, Pablo and Hern{\'{a}}ndez-D$\backslash$'$\backslash$iaz, Jos{\'{e}} Ciro and Wehenkel, Christian and Clark-Tapia, Ricardo},
journal = {Forests},
number = {3},
pages = {59},
publisher = {Multidisciplinary Digital Publishing Institute},
title = {{Generalized Models: An Application to Identify Environmental Variables That Significantly Affect the Abundance of Three Tree Species}},
volume = {8},
year = {2017}
}
@article{schuck1951studies,
author = {Schuck, Howard A.},
journal = {Fishery Bulletin},
pages = {151--176},
title = {{Studies of Georges Bank haddock, Part I: Landings by pounds, numbers and sizes of fishTitle}},
volume = {52},
year = {1951}
}
@article{enfield2001atlantic,
author = {Enfield, David B and Mestas-Nu{\~{n}}ez, Alberto M and Trimble, Paul J},
journal = {Geophysical Research Letters},
keywords = {dfo},
mendeley-tags = {dfo},
number = {10},
pages = {2077--2080},
publisher = {Wiley Online Library},
title = {{The Atlantic multidecadal oscillation and its relation to rainfall and river flows in the continental US}},
volume = {28},
year = {2001}
}
@article{post1999density,
author = {Post, John R and Parkinson, E A and Johnston, N T},
journal = {Ecological Monographs},
number = {2},
pages = {155--175},
publisher = {Wiley Online Library},
title = {{Density-dependent processes in structured fish populations: interaction strengths in whole-lake experiments}},
volume = {69},
year = {1999}
}
@article{Friedland2018,
author = {Friedland, Kevin D. and Mouw, Colleen B. and Asch, Rebecca G. and Ferreira, A. Sofia A. and Henson, Stephanie and Hyde, Kimberly J. W. and Morse, Ryan E. and Thomas, Andrew C. and Brady, Damian C.},
doi = {10.1111/geb.12717},
issn = {1466822X},
journal = {Global Ecology and Biogeography},
keywords = {bloom,carbon cycle,phenology,phytoplankton,productivity,trend analysis},
month = {may},
number = {5},
pages = {551--569},
title = {{Phenology and time series trends of the dominant seasonal phytoplankton bloom across global scales}},
url = {http://doi.wiley.com/10.1111/geb.12717},
volume = {27},
year = {2018}
}
@article{ottersen2001ecological,
author = {Ottersen, Geir and Planque, Benjamin and Belgrano, Andrea and Post, Eric and Reid, Philip C and Stenseth, Nils C},
journal = {Oecologia},
keywords = {dfo},
mendeley-tags = {dfo},
number = {1},
pages = {1--14},
publisher = {Springer},
title = {{Ecological effects of the North Atlantic oscillation}},
volume = {128},
year = {2001}
}
@article{planque1998long,
author = {Planque, Benjamin and Taylor, Arnold H},
journal = {ICES Journal of Marine Science},
number = {4},
pages = {644--654},
publisher = {Oxford University Press},
title = {{Long-term changes in zooplankton and the climate of the North Atlantic}},
volume = {55},
year = {1998}
}
@article{Chen1992,
author = {Chen, Y and Jackson, D a and Harvey, H H},
doi = {https://doi.org/10.1139/f92-138},
journal = {Canadian Journal of Fisheries and Aquatic Sciences},
keywords = {dfo},
mendeley-tags = {dfo},
number = {6},
pages = {1228--1235},
title = {{A Comparison of von Bertalanffy and Polynomial Functions in Modelling Fish Growth Data}},
volume = {49},
year = {1992}
}
@article{marra2011practical,
author = {Marra, Giampiero and Wood, Simon N},
journal = {Computational Statistics {\&} Data Analysis},
number = {7},
pages = {2372--2387},
publisher = {Elsevier},
title = {{Practical variable selection for generalized additive models}},
volume = {55},
year = {2011}
}
@article{clark1982review,
author = {Clark, Stephen H and Overholtz, William J and Hennemuth, Richard C},
journal = {J. Northw. Atl. Fish. Sci},
number = {1},
pages = {1--27},
publisher = {Citeseer},
title = {{Review and assessment of the Georges Bank and Gulf of Maine haddock fishery}},
volume = {3},
year = {1982}
}
@article{caesar2018observed,
author = {Caesar, Levke and Rahmstorf, Stefan and Robinson, Alexander and Feulner, G and Saba, V},
journal = {Nature},
keywords = {dfo},
mendeley-tags = {dfo},
number = {7700},
pages = {191},
publisher = {Nature Publishing Group},
title = {{Observed fingerprint of a weakening Atlantic Ocean overturning circulation}},
volume = {556},
year = {2018}
}
@misc{wood2007mgcv,
author = {Wood, Simon and Wood, Maintainer Simon},
keywords = {dfo},
mendeley-tags = {dfo},
publisher = {R Package version 1.8-26},
title = {{The mgcv package}},
year = {2007}
}
@article{drinkwater2003response,
author = {Drinkwater, Kenneth F and Belgrano, Andrea and Borja, Angel and Conversi, Alessandra and Edwards, Martin and Greene, Charles H and Ottersen, Geir and Pershing, Andrew J and Walker, Henry},
journal = {Geophysical Monograph-American Geophysical Union},
pages = {211--234},
publisher = {AGU AMERICAN GEOPHYSICAL UNION},
title = {{The response of marine ecosystems to climate variability associated with the North Atlantic Oscillation}},
volume = {134},
year = {2003}
}
@article{ligas2015modeling,
author = {Ligas, Alessandro and Colloca, Francesco and Lundy, Mathieu G and Mannini, Alessandro and Sartor, Paolo and Sbrana, Mario and Voliani, Alessandro and Belcari, Paola},
journal = {Fishery Bulletin},
number = {1},
title = {{Modeling the growth of recruits of European hake (Merluccius merluccius) in the northwestern Mediterranean Sea with generalized additive models.}},
volume = {113},
year = {2015}
}
@article{zuur2010protocol,
author = {Zuur, Alain F and Ieno, Elena N and Elphick, Chris S},
journal = {Methods in ecology and evolution},
number = {1},
pages = {3--14},
publisher = {Wiley Online Library},
title = {{A protocol for data exploration to avoid common statistical problems}},
volume = {1},
year = {2010}
}
@article{burkett2005nonlinear,
author = {Burkett, Virginia R and Wilcox, Douglas A and Stottlemyer, Robert and Barrow, Wylie and Fagre, Dan and Baron, Jill and Price, Jeff and Nielsen, Jennifer L and Allen, Craig D and Peterson, David L and Others},
journal = {Ecological complexity},
keywords = {dfo},
mendeley-tags = {dfo},
number = {4},
pages = {357--394},
publisher = {Elsevier},
title = {{Nonlinear dynamics in ecosystem response to climatic change: case studies and policy implications}},
volume = {2},
year = {2005}
}
@article{lorenzen2002density,
author = {Lorenzen, Kai and Enberg, Katja},
journal = {Proceedings of the Royal Society of London. Series B: Biological Sciences},
number = {1486},
pages = {49--54},
publisher = {The Royal Society},
title = {{Density-dependent growth as a key mechanism in the regulation of fish populations: evidence from among-population comparisons}},
volume = {269},
year = {2002}
}
@article{brooks2010determining,
author = {Brooks, Elizabeth N and Miller, Timothy J and Legault, Christopher M and OBrien, Loretta and Clark, Kirsten J and Gavaris, Stratis and {Van Eeckhaute}, Lou},
journal = {TRAC Ref. Doc, 2010/08},
keywords = {dfo},
mendeley-tags = {dfo},
pages = {25},
publisher = {Citeseer},
title = {{Determining length-based calibration factors for cod, haddock, and yellowtail flounder}},
year = {2010}
}
@article{rodionov2006use,
author = {Rodionov, Sergei N},
journal = {Geophysical Research Letters},
number = {12},
publisher = {Wiley Online Library},
title = {{Use of prewhitening in climate regime shift detection}},
volume = {33},
year = {2006}
}
@article{Wood2011,
author = {Wood, Simon N},
journal = {Journal of Royal Statistical Society. Series B},
keywords = {adaptive smoothing,generalized additive,generalized additive mixed model,generalized cross-validation,generalized linear model,marginal likelihood,model,model selection,on function regression,penalized,penalized regression splines,restricted maximum likelihood,scalar,stable computation},
number = {1},
pages = {3--36},
title = {{Fast stable REML and ML estimation of semiparametric generalized linear models}},
volume = {73},
year = {2011}
}
@article{friedland2018event,
author = {Friedland, Kevin D and McManus, M Conor and Morse, Ryan E and Link, Jason S},
journal = {ICES Journal of Marine Science},
title = {{Event scale and persistent drivers of fish and macroinvertebrate distributions on the Northeast US Shelf}},
year = {2018}
}
@article{maritorena2010merged,
author = {Maritorena, St{\'{e}}phane and D'Andon, Odile Hembise Fanton and Mangin, Antoine and Siegel, David A},
journal = {Remote Sensing of Environment},
keywords = {dfo},
mendeley-tags = {dfo},
number = {8},
pages = {1791--1804},
publisher = {Elsevier},
title = {{Merged satellite ocean color data products using a bio-optical model: Characteristics, benefits and issues}},
volume = {114},
year = {2010}
}
@book{roff1993evolution,
address = {New York, NY, USA},
author = {Roff, Derek},
isbn = {0‐412‐02221‐4},
keywords = {dfo},
mendeley-tags = {dfo},
publisher = {Chapman {\&} Hall},
title = {{Evolution of life histories: theory and analysis}},
year = {1993}
}
@article{hastie1986gam,
author = {Hastie, Trevor and Tibshirani, Robert},
doi = {10.1214/ss/1177013604},
issn = {0883-4237},
journal = {Statistical Science},
month = {aug},
number = {3},
pages = {297--310},
title = {{Generalized Additive Models}},
url = {http://projecteuclid.org/euclid.ss/1177013604},
volume = {1},
year = {1986}
}
@article{borkman2009gulf,
author = {Borkman, David G and Smayda, Theodore J},
doi = {https://doi.org/10.1093/plankt/fbp072},
journal = {Journal of Plankton Research},
keywords = {dfo},
mendeley-tags = {dfo},
number = {11},
pages = {1407--1425},
publisher = {Oxford University Press},
title = {{Gulf Stream position and winter NAO as drivers of long-term variations in the bloom phenology of the diatom Skeletonema costatum species-complex in Narragansett Bay, RI, USA}},
volume = {31},
year = {2009}
}
@article{Kleisner2017,
author = {Kleisner, Kristin M. and Fogarty, Michael J. and McGee, Sally and Hare, Jonathan A. and Moret, Skye and Perretti, Charles T. and Saba, Vincent S.},
doi = {10.1016/j.pocean.2017.04.001},
isbn = {0079-6611},
issn = {00796611},
journal = {Progress in Oceanography},
keywords = {Climate change,Global climate model,Northwest Atlantic,Temperature shifts,Thermal habitat},
month = {apr},
number = {April},
pages = {24--36},
title = {{Marine species distribution shifts on the U.S. Northeast Continental Shelf under continued ocean warming}},
url = {http://dx.doi.org/10.1016/j.pocean.2017.04.001 http://linkinghub.elsevier.com/retrieve/pii/S0079661116301896},
volume = {153},
year = {2017}
}
@article{rodionov2004sequential,
author = {Rodionov, Sergei N},
journal = {Geophysical Research Letters},
number = {9},
publisher = {Wiley Online Library},
title = {{A sequential algorithm for testing climate regime shifts}},
volume = {31},
year = {2004}
}
@techreport{edwards2017TESA,
author = {Edwards, Andrew M. and Haigh, Rowan and Tallman, Ross and Swain, Douglas P. and Carruthers, Thomas R. and Cleary, Jaclyn S. and Stenson, Garry and Doniol-Valcroze, Thomas},
booktitle = {Canadian Technical Report of Fisheries and Aquatic Sciences 3213},
institution = {Fisheries and Oceans Canada},
keywords = {dfo},
mendeley-tags = {dfo},
pages = {vi + 53},
title = {{Proceedings of the Technical Expertise in Stock Assessment (TESA) National Workshop on Incorporating an Ecosystem Approach into Single-Species Stock Assessments, 21-25 November 2016, Nanaimo, British Columbia}},
year = {2017}
}
@article{chen1992comparison,
author = {Chen, Yi and Jackson, D A and Harvey, H H},
doi = {https://doi.org/10.1139/f92-138},
journal = {Canadian Journal of Fisheries and Aquatic Sciences},
keywords = {dfo},
mendeley-tags = {dfo},
number = {6},
pages = {1228--1235},
publisher = {NRC Research Press},
title = {{A comparison of von Bertalanffy and polynomial functions in modelling fish growth data}},
volume = {49},
year = {1992}
}
@book{wood2017generalized,
author = {Wood, Simon N},
edition = {second},
publisher = {Chapman and Hall/CRC},
title = {{Generalized additive models: an introduction with R}},
year = {2017}
}
@article{french1986population,
author = {{French III}, Fred W and Hargraves, Paul E},
journal = {Journal of Phycology},
number = {4},
pages = {411--420},
publisher = {Wiley Online Library},
title = {{Population dynamics of the spore-forming diatom leptocylindrus danicus in Narragansett Bay, Rhode Island}},
volume = {22},
year = {1986}
}
@article{Friedland2015a,
author = {Friedland, Kevin D. and Leaf, Robert T. and Kane, Joe and Tommasi, Desiree and Asch, Rebecca G. and Rebuck, Nathan and Ji, Rubao and Large, Scott I. and Stock, Charles and Saba, Vincent S.},
doi = {10.1016/j.csr.2015.04.005},
issn = {02784343},
journal = {Continental Shelf Research},
keywords = {Bloom timing,Climate,Spring bloom,US Northeast Shelf,Zooplankton biomass},
month = {jul},
pages = {47--61},
publisher = {Elsevier},
title = {{Spring bloom dynamics and zooplankton biomass response on the US Northeast Continental Shelf}},
url = {http://dx.doi.org/10.1016/j.csr.2015.04.005 http://linkinghub.elsevier.com/retrieve/pii/S0278434315000862},
volume = {102},
year = {2015}
}
@book{friedman2001elements,
author = {Friedman, Jerome and Hastie, Trevor and Tibshirani, Robert},
keywords = {dfo},
mendeley-tags = {dfo},
number = {10},
publisher = {Springer series in statistics New York, NY, USA:},
title = {{The elements of statistical learning}},
volume = {1},
year = {2001}
}
@article{leaf2014autumn,
author = {Leaf, Robert T and Friedland, Kevin D},
doi = {10.1093/icesjms/fsu076},
issn = {1054-3139},
journal = {ICES Journal of Marine Science},
month = {oct},
number = {8},
pages = {2017--2025},
publisher = {ICES/CIEM},
title = {{Autumn bloom phenology and magnitude influence haddock recruitment on Georges Bank}},
url = {https://academic.oup.com/icesjms/article-lookup/doi/10.1093/icesjms/fsu076},
volume = {71},
year = {2014}
}
@techreport{trac2017,
author = {TRAC.},
keywords = {dfo},
mendeley-tags = {dfo},
publisher = {TRAC Status Report 2017/02},
title = {{Eastern Georges Bank Haddock}},
year = {2017}
}
@book{beverton1957dynamics,
address = {London, UK},
author = {Beverton, Raymond J H and Holt, Sidney J},
booktitle = {Ministry of Agriculture, Fisheries and Food},
pages = {957},
title = {{On the dynamics of exploited fish populations}},
year = {1957}
}
@book{stearns1992evolution,
address = {Oxford, UK},
author = {Stearns, Stephen C},
keywords = {dfo},
mendeley-tags = {dfo},
number = {575 S81},
publisher = {Oxford University Press},
title = {{The evolution of life histories}},
year = {1992}
}
@article{swain2015assessment,
author = {Swain, D P and Savoie, L and Cox, S P and Aubry, E},
journal = {DFO Can. Sci. Advis. Sec. Res. Doc},
pages = {137},
title = {{Assessment of the southern Gulf of St. Lawrence Atlantic cod (Gadus morhua) stock of NAFO Div. 4T and 4Vn (November to April), March 2015}},
volume = {80},
year = {2015}
}
@techreport{barrett2017assessment,
author = {Barrett, M A and Brooks, E N and Wang, Y},
booktitle = {TRAC Ref. Doc 2017/02},
keywords = {dfo},
mendeley-tags = {dfo},
title = {{Assessment of haddock on Eastern Georges Bank for 2017}},
year = {2017}
}
@article{weisberg2010mixed,
author = {Weisberg, Sanford and Spangler, George and Richmond, Laurie S},
journal = {Canadian Journal of Fisheries and Aquatic Sciences},
number = {2},
pages = {269--277},
publisher = {NRC Research Press},
title = {{Mixed effects models for fish growth}},
volume = {67},
year = {2010}
}
@book{zuur2007analysing,
author = {Zuur, Alain F and Ieno, Elena N and Smith, Graham M},
doi = {https://doi.org/10.1007/978-0-387-45972-1},
publisher = {Springer, New York},
title = {{Analysing ecological data, statistics for biology and health}},
year = {2007}
}
@article{taylor2002extraction,
author = {Taylor, Arnold H and Allen, J Icarus and Clark, Paul A},
journal = {Nature},
number = {6881},
pages = {629},
publisher = {Nature Publishing Group},
title = {{Extraction of a weak climatic signal by an ecosystem}},
volume = {416},
year = {2002}
}
@article{Friedland2008does,
author = {Friedland, Kevin D. and Hare, Jonathan A. and Wood, Grayson B. and Col, Laurel A. and Buckley, Lawrence J. and Mountain, David G. and Kane, Joseph and Brodziak, Jon and Lough, R. Gregory and Pilskaln, Cynthia H.},
doi = {10.1139/F08-040},
isbn = {0706-652X},
issn = {0706-652X},
journal = {Canadian Journal of Fisheries and Aquatic Sciences},
keywords = {dfo},
mendeley-tags = {dfo},
number = {6},
pages = {1076--1086},
title = {{Does the fall phytoplankton bloom control recruitment of Georges Bank haddock, Melanogrammus aeglefinus, through parental condition?}},
url = {http://www.nrcresearchpress.com/doi/abs/10.1139/F08-040},
volume = {65},
year = {2008}
}
@article{taylor1980latitudinal,
author = {Taylor, A H and Stephens, J A},
journal = {Oceanologica Acta},
number = {2},
pages = {145--149},
publisher = {Gauthier-Villars},
title = {{Latitudinal displacements of the gulf-stream (1966 to 1977) and their relation to changes in temperature and zooplankton abundance in the NE Atlantic}},
volume = {3},
year = {1980}
}
@article{mair2019estimation,
author = {Mair, Colette and Nickbakhsh, Sema and Reeve, Richard and McMenamin, Jim and Reynolds, Arlene and Gunson, Rory N and Murcia, Pablo R and Matthews, Louise},
journal = {PLoS computational biology},
keywords = {covid},
mendeley-tags = {covid},
number = {12},
pages = {e1007492},
publisher = {Public Library of Science},
title = {{Estimation of temporal covariances in pathogen dynamics using Bayesian multivariate autoregressive models}},
url = {https://journals.plos.org/ploscompbiol/article/file?rev=2{\&}id=10.1371/journal.pcbi.1007492{\&}type=printable},
volume = {15},
year = {2019}
}
@article{visbeck2003ocean,
author = {Visbeck, Martin and Chassignet, Eric P and Curry, Ruth G and Delworth, Thomas L and Dickson, Robert R and Krahmann, Gerd},
journal = {The North Atlantic Oscillation: climatic significance and environmental impact},
keywords = {dfo},
mendeley-tags = {dfo},
pages = {113--145},
publisher = {Wiley Online Library},
title = {{The ocean's response to North Atlantic Oscillation variability}},
volume = {134},
year = {2003}
}
@article{Friedland2015,
author = {Friedland, Kevin D and Leaf, Robert T and Kristiansen, Trond and Large, Scott I},
doi = {10.1139/cjfas-2015-0084},
issn = {12057533},
journal = {Canadian Journal of Fisheries and Aquatic Sciences},
number = {11},
pages = {1672--1687},
title = {{Layered effects of parental condition and larval survival on the recruitment of neighboring haddock stocks}},
volume = {72},
year = {2015}
}
@article{kerr2000north,
author = {Kerr, Richard A},
journal = {Science},
keywords = {dfo},
mendeley-tags = {dfo},
number = {5473},
pages = {1984--1985},
publisher = {American Association for the Advancement of Science},
title = {{A North Atlantic climate pacemaker for the centuries}},
volume = {288},
year = {2000}
}
@article{matthias2018understanding,
author = {Matthias, Bryan G and Ahrens, Robert N M and Allen, Micheal S and Tuten, Travis and Siders, Zachary A and Wilson, Kyle L},
doi = {10.1016/j.fishres.2017.08.018},
issn = {0165-7836},
journal = {Fisheries Research},
keywords = {Bayesian statistics,Density dependence,Environmental variation,Fish growth,Length-weight relationship,dfo,von Bertalanffy model},
mendeley-tags = {dfo},
pages = {209--219},
publisher = {Elsevier},
title = {{Understanding the effects of density and environmental variability on the process of fish growth}},
url = {http://dx.doi.org/10.1016/j.fishres.2017.08.018},
volume = {198},
year = {2018}
}
@article{friedland2015layered,
author = {Friedland, Kevin D and Leaf, Robert T and Kristiansen, Trond and Large, Scott I},
journal = {Canadian Journal of Fisheries and Aquatic Sciences},
keywords = {haddock,zooplankton},
mendeley-tags = {haddock,zooplankton},
number = {11},
pages = {1672--1681},
publisher = {NRC Research Press},
title = {{Layered effects of parental condition and larval survival on the recruitment of neighboring haddock stocks}},
volume = {72},
year = {2015}
}
@article{saba2016enhanced,
author = {Saba, Vincent S and Griffies, Stephen M and Anderson, Whit G and Winton, Michael and Alexander, Michael A and Delworth, Thomas L and Hare, Jonathan A and Harrison, Matthew J and Rosati, Anthony and Vecchi, Gabriel A and Others},
journal = {Journal of Geophysical Research: Oceans},
keywords = {dfo},
mendeley-tags = {dfo},
number = {1},
pages = {118--132},
publisher = {Wiley Online Library},
title = {{Enhanced warming of the N orthwest A tlantic O cean under climate change}},
volume = {121},
year = {2016}
}
@article{rogers1984association,
author = {Rogers, Jeffery C},
journal = {Monthly Weather Review},
keywords = {dfo},
mendeley-tags = {dfo},
number = {10},
pages = {1999--2015},
title = {{The association between the North Atlantic Oscillation and the Southern Oscillation in the northern hemisphere}},
volume = {112},
year = {1984}
}
@article{sanchez2015impact,
author = {Sanchez-Franks, A and Zhang, R},
journal = {Geophysical Research Letters},
keywords = {dfo},
mendeley-tags = {dfo},
number = {22},
pages = {9887--9889},
publisher = {Wiley Online Library},
title = {{Impact of the Atlantic meridional overturning circulation on the decadal variability of the Gulf Stream path and regional chlorophyll and nutrient concentrations}},
volume = {42},
year = {2015}
}
@article{nye2014ecosystem,
author = {Nye, Janet A and Baker, Matthew R and Bell, Richard and Kenny, Andrew and Kilbourne, K Halimeda and Friedland, Kevin D and Martino, Edward and Stachura, Megan M and {Van Houtan}, Kyle S and Wood, Robert},
journal = {Journal of Marine Systems},
keywords = {dfo},
mendeley-tags = {dfo},
pages = {103--116},
publisher = {Elsevier},
title = {{Ecosystem effects of the atlantic multidecadal oscillation}},
volume = {133},
year = {2014}
}
@misc{team2013r,
address = {Vienna, Austria},
author = {{Team R}, R Development Core Team},
publisher = {R Foundation for Statistical Computing},
title = {{R: A language and environment for statistical computing}},
year = {2013}
}
